@book{actuarial,
  author = {David C M Dickson and Mary Hardy and Howard R Waters},
  date = {2020},
  publisher = {Cambridge University Press},
  title = {Actuarial mathematics for life contingent risks},
}

@book{kellison,
  author = {Stephen Kellison},
  date = {2008},
  publisher = {McGraw-Hill Education},
  title = {Theory of Interest},
  edition = {3},
}

@article{notation,
  volume = {75},
  journal = {Journal of the Institute of Actuaries},
  date = {1949-06},
  doi = {10.1017/S0020268100012956},
  pages = {121-129},
}
